@article{zuluaga2018gis,
    title={A GIS approach based on user location to evaluate a bike-sharing program},
    author={Zuluaga, Juan David},
    journal={Dyna},
    volume={85},
    number={204},
    pages={257-263},
    year={2018},
    publisher={Revista DYNA}
}

@article{montoya2017acceso,
    title={Acceso peatonal y cobertura de las estaciones del sistema de bicicletas p√∫blicas de la ciudad de Manizales},
    author={Montoya, J and Escobar, D, and Zuluaga, J},
    journal={Revista Espacios},
    volume={38},
    number={29},
    year={2017}
}
