@article{zuluaga2018gis,
  title={A GIS approach based on user location to evaluate a bike-sharing program},
  author={Zuluaga, Juan David and Escobar, Diego Alexander and Younes, Camilo},
  journal={Dyna},
  volume={85},
  number={204},
  pages={257--263},
  year={2018},
  publisher={2006, Revista DYNA}
}

@article{montoya2017acceso,
  title={Acceso peatonal y cobertura de las estaciones del sistema de bicicletas p{\'u}blicas de la ciudad de Manizales},
  author={Montoya, J and Escobar, D and Zuluaga, J},
  journal={Revista Espacios},
  volume={38},
  number={29},
  year={2017}
}
 
 @article{valencia2018manizales,
  title={Manizales City: A Smart City?},
  author={Valencia, Laura Manuela Arias and Casta{\~n}eda, Luz Arabany Ramirez},
  journal={Journal of Sociocybernetics},
  volume={15},
  number={1},
  year={2018}
}

@article{DefiningSmartCity,
author = {Mohanty, Saraju},
year = {2016},
month = {07},
pages = {60-70},
title = {Everything You Wanted to Know About Smart Cities},
volume = {5},
journal = {IEEE Consumer Electronics Magazine},
doi = {10.1109/MCE.2016.2556879}
}

@article{SmartTransportation,
author = {Docherty, Ian and Greg Marsden and Jillian Anable},
title = {The governance of smart mobility},
year = {2017},
month = {09},
pages = {114-125},
volume = {115},
journal = {Elsevier: Smart urban mobility},
doi = {10.1016/j.tra.2017.09.012}
}

@article{ReviewonBike-sharing,
author = {Eren, Ezgi and Uz, Volkan},
year = {2019},
month = {10},
pages = {101882},
title = {A Review on Bike-Sharing: The Factors Affecting Bike-Sharing Demand},
journal = {Sustainable Cities and Society},
doi = {10.1016/j.scs.2019.101882}
}

@article{HealthyRidePGHPSG,
title = {Pittsburgh's healthy ride not so healthy, but Changes are on the way},
author = {Christopher Huffaker},
year = {2017},
month = {07},
journal = {Pittsburgh Post-Gazette}
}

@website{OficinaDeLaBici,
title = {Oficina de la Bici - About},
website = {https://www.manizalescampusuniversitario.com/oficina-de-la-bici/acerca-de/}
}

@website{DeliotteReport,
title = {Deliotte Smart Mobility Report},
website = {https://www2.deloitte.com/us/en/insights/industry/public-sector/smart-mobility-trends.html}
}

@website{CalidaddeVida,
title = {Informe de calidad de vida Manizales 2019},
website = {http://manizalescomovamos.org/wp-content/uploads/2019/09/Calidad_de_vida_2019_compressed.pdf}
}

@website{CityBioBike,
title = {CityBioBike},
website = {http://citybiobike.com/}
}

@website{OficinaDeLaBiciHome,
title = {Oficina De La Bici - Home},
website = {https://www.manizalescampusuniversitario.com/oficina-de-la-bici/}
}

@website{GeeksForGeeks,
website = {https://www.geeksforgeeks.org/socio-technical-systems/},
title = {SocioTechnical Systems definitions}
}