@article{zuluaga2018gis,
  title={Aproximación GIS para la evaluación de programa para compartir
bicicleta basado en la localización de los usuarios},
  author={Zuluaga, Juan David and Escobar, Diego Alexander and Younes, Camilo},
  journal={Dyna},
  volume={85},
  number={204},
  pages={257--263},
  year={2018},
  publisher={2006, Revista DYNA}
}

@article{montoya2017acceso,
  title={Acceso peatonal y cobertura de las estaciones del sistema de bicicletas públicas de la ciudad de Manizales},
  author={Montoya, J and Escobar, D and Zuluaga, J},
  journal={Revista Espacios},
  volume={38},
  number={29},
  year={2017}
}
 
 @article{valencia2018manizales,
  title={Manizales City: A Smart City?},
  author={Valencia, Laura Manuela Arias and Castañeda, Luz Arabany Ramirez},
  journal={Journal of Sociocybernetics},
  volume={15},
  number={1},
  year={2018}
}

@article{DefiningSmartCity,
    author = {Mohanty, Saraju},
    year = {2016},
    month = {07},
    pages = {60-70},
    title = {Everything You Wanted to Know About Smart Cities},
    volume = {5},
    journal = {IEEE Consumer Electronics Magazine},
    doi = {10.1109/MCE.2016.2556879}
}

@article{SmartTransportation,
    author = {Docherty, Ian and Greg Marsden and Jillian Anable},
    title = {The governance of smart mobility},
    year = {2017},
    month = {09},
    pages = {114-125},
    volume = {115},
    journal = {Elsevier: Smart urban mobility},
    doi = {10.1016/j.tra.2017.09.012}
}

@article{ReviewonBike-sharing,
    author = {Eren, Ezgi and Uz, Volkan},
    year = {2019},
    month = {10},
    pages = {101882},
    title = {A Review on Bike-Sharing: The Factors Affecting Bike-Sharing Demand},
    journal = {Sustainable Cities and Society},
    doi = {10.1016/j.scs.2019.101882}
}

@article{HealthyRidePGHPSG,
    title = {Pittsburgh's healthy ride not so healthy, but Changes are on the way},
    author = {Christopher Huffaker},
    year = {2017},
    month = {07},
    journal = {Pittsburgh Post-Gazette}
}

@misc{OficinaDeLaBici,
    title = {Oficina de la Bici - About},
    website = {https://www.manizalescampusuniversitario.com/oficina-de-la-bici/acerca-de/}
}

@techreport{DeliotteReport,
    title = {Deliotte Smart Mobility Report},
    author = {Peter Viechnicki and Abhijit Khuperkar and Tiffany Dovey Fishman and William D. Eggers},
    publisher = {Deliotte Services LP},
    year = {2015},
    journal = {Deliotte University Press},
    website = {https://www2.deloitte.com/us/en/insights/industry/public-sector/smart-mobility-trends.html}
}

@misc{CalidaddeVida,
    title = {Informe de calidad de vida Manizales 2019},
    author={ManizalesComoVamos},
    year={2019},
    website = {http://manizalescomovamos.org/wp-content/uploads/2019/09/Calidad_de_vida_2019_compressed.pdf}
}

@misc{CityBioBike,
    title = {CityBioBike},
    website = {http://citybiobike.com/},
    year = {2019}
}

@techreport{LimeBike,
    title = {Lime Bike Official One Year Report},
    journal = {2nd Street Lime},
    year = {2018},
    website = {https://www.limebike.com/hubfs/Lime_Official_One_Year_Report.pdf}
}

@misc{OficinaDeLaBiciHome,
    title = {Oficina De La Bici},
    website = {https://www.manizalescampusuniversitario.com/oficina-de-la-bici/},
    year={2019}
}

@misc{worldpopulationreviewPGH, 
    title={Pittsburgh, Pennsylvania Population 2020},
    url={https://worldpopulationreview.com/us-cities/pittsburgh-population/}, 
    journal={World Population Review}, 
    year = {2020}
}

@misc{worldpopulationreviewSTL, 
    title={St. Louis, Missouri Population 2020},
    url={https://worldpopulationreview.com/us-cities/st-louis-population/}, 
    journal={World Population Review}, 
    year = {2020}
}

@article{cardona, 
    title={Is Manizales a Cycling City?},
    url={https://core.ac.uk/download/pdf/159377906.pdf},
    publisher={Universidad Tecnológica de Pereira},
    author={Cardona, Jhoan Mateo Atehortúa}
}

@article{cardona2017analisis,
  title={Análisis de la red de ciclo-rutas de Manizales (Colombia) a partir de criterios de accesibilidad territorial urbana y cobertura de estratos socioeconómicos},
  author={CARDONA, Mateo and ZULUAGA, Juan and ESCOBAR, Diego},
  journal={Revista Espacios},
  volume={38},
  number={28},
  year={2017}
}

@misc{gold_2018, 
    title={Lime Offering Discounted Bike Rides for Low-Income Cyclists}, 
    url={https://www.riverfronttimes.com/newsblog/2018/05/31/lime-offering-discounted-bike-rides-for-low-income-cyclists},
    journal={Riverfront Times}, 
    publisher={Riverfront Times}, 
    author={Gold, Alison}, 
    year={2018}, 
    month={12}
}

@article{rangwala_2018, 
    title={Socio-technical Systems}, 
    url={https://www.geeksforgeeks.org/socio-technical-systems/}, 
    journal={GeeksforGeeks}, 
    author={Rangwala, Harsh}, 
    year={2018}, 
    month={12}
}

@misc{libraryCongress, 
    title={Who invented the automobile?},
    url={https://www.loc.gov/everyday-mysteries/item/who-invented-the-automobile/}, 
    journal={The Library of Congress}
}

@article{dávalos_maldonado_polit_2016, 
    title={The Hidden Potential behind the City Planned for Cars}, 
    volume={145}, 
    url={https://www.sciencedirect.com/science/article/pii/S1877705816301266},
    DOI={10.1016/j.proeng.2016.04.120}, 
    journal={Elsevier: Procedia Engineering}, 
    author={Dávalos, D. and Maldonado, D. and Polit, D. Jácome}, 
    year={2016}, 
    pages={924–931}
}

@mastersthesis{zuluaga_garcía_2017,
    title={Propuesta metodológica para el diagnóstico y planificación urbana de una red de ciclorrutas. Caso estudio: Manizales.},
    url={http://bdigital.unal.edu.co/61127/1/1053812425.2017.pdf},
    author={Zuluaga, JUAN DAVID}, 
    year={2017}
}

@article{wikipedia_2020, 
    title={Braess's paradox},
    url={https://en.wikipedia.org/wiki/Braess's_paradox}, 
    journal={Wikipedia}, 
    publisher={Wikimedia Foundation}, 
    year={2020}, 
    month={04}
}

@article{midgley_2011, 
    title={BICYCLE-SHARING SCHEMES: ENHANCING SUSTAINABLE MOBILITY IN URBAN AREAS},
    url={https://static.un.org/esa/dsd/resources/res_pdfs/csd-19/Background-Paper8-P.Midgley-Bicycle.pdf},
    journal={UNITED NATIONS DEPARTMENT OF ECONOMIC AND SOCIAL AFFAIRS}, 
    author={Midgley , Peter}, 
    year={2011}, month={05}
}

@article{PublicOpinPBS,
    author = {Ramírez-Leuro, Laura Daniela and Garcia, Diego and Castro, William},
    year = {2018},
    month = {08},
    pages = {1-8},
    title = {Methodological Proposal for the Execution of Virtual and Face-to-Face Surveys for the Implementation of a Public Bicycle System, Case Study: Villavicencio, Colombia},
    volume = {11},
    journal = {Indian Journal of Science and Technology},
    doi = {10.17485/ijst\%2F2018\%2Fv11i29\%2F129956}
}

@misc{lapatria_2020, 
    title={Vuelven a rodar las bicicletas públicas en Manizales}, 
    url={https://www.lapatria.com/manizales/vuelven-rodar-las-bicicletas-publicas-en-manizales-452634}, 
    journal={La Patria News}, 
    author={LaPatria}, 
    year={2020}, 
    month={02}
}